[gd_scene load_steps=7 format=2]

[ext_resource path="res://world/TileMap.gd" type="Script" id=1]
[ext_resource path="res://world/TileRow.tscn" type="PackedScene" id=2]
[ext_resource path="res://gui/hud/HUD.tscn" type="PackedScene" id=3]
[ext_resource path="res://assets/sounds/end_turn.wav" type="AudioStream" id=4]
[ext_resource path="res://world/GlobalSound.gd" type="Script" id=5]

[sub_resource type="Animation" id=1]
resource_name = "Init"
tracks/0/type = "value"
tracks/0/path = NodePath(".:size")
tracks/0/interp = 2
tracks/0/loop_wrap = true
tracks/0/imported = false
tracks/0/enabled = true
tracks/0/keys = {
"times": PoolRealArray( 0, 1 ),
"transitions": PoolRealArray( 1, 1 ),
"update": 0,
"values": [ 100.0, 20.0 ]
}

[node name="Spatial" type="Spatial"]

[node name="TileMap" type="Spatial" parent="."]
transform = Transform( 1, 0, 0, 0, 1, 0, 0, 0, 1, 12, 0, 0 )
script = ExtResource( 1 )

[node name="Rows" type="Spatial" parent="TileMap"]

[node name="TileRow" parent="TileMap/Rows" instance=ExtResource( 2 )]
transform = Transform( 1, 0, 0, 0, 1, 0, 0, 0, 1, -18, 0, 0 )

[node name="TileRow2" parent="TileMap/Rows" instance=ExtResource( 2 )]
transform = Transform( 1, 0, 0, 0, 1, 0, 0, 0, 1, -16, 0, 0 )

[node name="TileRow3" parent="TileMap/Rows" instance=ExtResource( 2 )]
transform = Transform( 1, 0, 0, 0, 1, 0, 0, 0, 1, -14, 0, 0 )

[node name="TileRow4" parent="TileMap/Rows" instance=ExtResource( 2 )]
transform = Transform( 1, 0, 0, 0, 1, 0, 0, 0, 1, -12, 0, 0 )

[node name="TileRow5" parent="TileMap/Rows" instance=ExtResource( 2 )]
transform = Transform( 1, 0, 0, 0, 1, 0, 0, 0, 1, -10, 0, 0 )

[node name="TileRow6" parent="TileMap/Rows" instance=ExtResource( 2 )]
transform = Transform( 1, 0, 0, 0, 1, 0, 0, 0, 1, -8, 0, 0 )

[node name="TileRow7" parent="TileMap/Rows" instance=ExtResource( 2 )]
transform = Transform( 1, 0, 0, 0, 1, 0, 0, 0, 1, -6, 0, 0 )

[node name="TileRow8" parent="TileMap/Rows" instance=ExtResource( 2 )]
transform = Transform( 1, 0, 0, 0, 1, 0, 0, 0, 1, -4, 0, 0 )

[node name="TileRow9" parent="TileMap/Rows" instance=ExtResource( 2 )]
transform = Transform( 1, 0, 0, 0, 1, 0, 0, 0, 1, -2, 0, 0 )

[node name="TileRow10" parent="TileMap/Rows" instance=ExtResource( 2 )]

[node name="CameraPivot" type="Spatial" parent="."]
transform = Transform( 0.994987, 0, -0.100001, 0.0345546, 0.938404, 0.343809, 0.0938417, -0.345541, 0.9337, 0, 0, 0 )

[node name="Camera" type="Camera" parent="CameraPivot"]
transform = Transform( 1, 0, 0, -3.72529e-09, 1, -2.98023e-08, 0, 0, 1, 0, 0, 25.3608 )
keep_aspect = 0
projection = 1
size = 20.0

[node name="AnimationPlayer" type="AnimationPlayer" parent="CameraPivot/Camera"]
autoplay = "Init"
anims/Init = SubResource( 1 )

[node name="SpotLight" type="SpotLight" parent="."]
transform = Transform( 0.95734, -5.80553e-09, 0.288965, -0.288965, -2.77991e-08, 0.95734, 2.47512e-09, -1, -2.82908e-08, 14, 15.2426, 2.95375e-07 )
light_color = Color( 0.631373, 0.32549, 0.32549, 1 )
spot_range = 26.587

[node name="HUD" parent="." instance=ExtResource( 3 )]
mouse_filter = 2

[node name="AudioStreamPlayer" type="AudioStreamPlayer" parent="."]
stream = ExtResource( 4 )
script = ExtResource( 5 )
