[gd_scene load_steps=5 format=2]

[ext_resource path="res://gui/theme.tres" type="Theme" id=1]
[ext_resource path="res://gui/icons/mineral.svg" type="Texture" id=2]
[ext_resource path="res://gui/icons/energy.svg" type="Texture" id=3]
[ext_resource path="res://gui/icons/person.svg" type="Texture" id=4]

[node name="CenterContainer" type="CenterContainer"]
anchor_right = 1.0
anchor_bottom = 1.0

[node name="VBoxContainer" type="VBoxContainer" parent="."]
margin_left = 463.0
margin_top = 200.0
margin_right = 561.0
margin_bottom = 400.0

[node name="HBoxContainer" type="HBoxContainer" parent="VBoxContainer"]
margin_right = 98.0
margin_bottom = 64.0
size_flags_horizontal = 3
size_flags_vertical = 3
theme = ExtResource( 1 )

[node name="TextureRect" type="TextureRect" parent="VBoxContainer/HBoxContainer"]
margin_right = 64.0
margin_bottom = 64.0
texture = ExtResource( 2 )

[node name="Label" type="Label" parent="VBoxContainer/HBoxContainer"]
margin_left = 68.0
margin_top = 16.0
margin_right = 95.0
margin_bottom = 48.0
text = "+1"

[node name="HBoxContainer2" type="HBoxContainer" parent="VBoxContainer"]
margin_top = 68.0
margin_right = 98.0
margin_bottom = 132.0
size_flags_horizontal = 3
size_flags_vertical = 3
theme = ExtResource( 1 )

[node name="TextureRect" type="TextureRect" parent="VBoxContainer/HBoxContainer2"]
margin_right = 64.0
margin_bottom = 64.0
texture = ExtResource( 3 )

[node name="Label" type="Label" parent="VBoxContainer/HBoxContainer2"]
margin_left = 68.0
margin_top = 16.0
margin_right = 98.0
margin_bottom = 48.0
text = "-1"

[node name="HBoxContainer3" type="HBoxContainer" parent="VBoxContainer"]
margin_top = 136.0
margin_right = 98.0
margin_bottom = 200.0
size_flags_horizontal = 3
size_flags_vertical = 3
theme = ExtResource( 1 )

[node name="TextureRect" type="TextureRect" parent="VBoxContainer/HBoxContainer3"]
margin_right = 64.0
margin_bottom = 64.0
texture = ExtResource( 4 )

[node name="Label" type="Label" parent="VBoxContainer/HBoxContainer3"]
margin_left = 68.0
margin_top = 16.0
margin_right = 98.0
margin_bottom = 48.0
text = "-1"
